@article {Piff4086,
	author = {Piff, Paul K. and Stancato, Daniel M. and C{\^o}t{\'e}, St{\'e}phane and Mendoza-Denton, Rodolfo and Keltner, Dacher},
	title = {Higher social class predicts increased unethical behavior},
	volume = {109},
	number = {11},
	pages = {4086--4091},
	year = {2012},
	doi = {10.1073/pnas.1118373109},
	publisher = {National Academy of Sciences},
	abstract = {Seven studies using experimental and naturalistic methods reveal that upper-class individuals behave more unethically than lower-class individuals. In studies 1 and 2, upper-class individuals were more likely to break the law while driving, relative to lower-class individuals. In follow-up laboratory studies, upper-class individuals were more likely to exhibit unethical decision-making tendencies (study 3), take valued goods from others (study 4), lie in a negotiation (study 5), cheat to increase their chances of winning a prize (study 6), and endorse unethical behavior at work (study 7) than were lower-class individuals. Mediator and moderator data demonstrated that upper-class individuals{\textquoteright} unethical tendencies are accounted for, in part, by their more favorable attitudes toward greed.},
	issn = {0027-8424},
	URL = {https://www.pnas.org/content/109/11/4086},
	eprint = {https://www.pnas.org/content/109/11/4086.full.pdf},
	journal = {Proceedings of the National Academy of Sciences}
}


@article {diplo813-armesFrancaisesPourDictatureModele,
	author = {S{\'e}bastien Fontenelle},
	title = {Armes françaises pour dictature modèle},
	pages = {18},
	year = {2021},
	month = {12},
	number = {813},
	abstract = {Les principes vertueux, aiguillonnés par d’amicales pressions, ont déjà fait capoter de juteuses ventes d’armes françaises. En 2014, Paris refusa de céder deux porte-hélicoptères à Moscou pour sanctionner la Russie de ses agissements dans le conflit ukrainien. Mais les scrupules sont à géométrie variable, comme le démontre l’empressement de la France à armer l’Égypte du maréchal Al-Sissi.},
	issn = {1950-6260},
	URL = {https://www.monde-diplomatique.fr/2021/12/FONTENELLE/64116},
	journal = {Le Monde diplomatique}
}



